@comment{ 1. T. Mammoto, D. E. Ingber, Mechanical control of tissue and organ
           development. Development. 137, 1407–1420 (2010).  }
@article{mammoto2010mechanical,
 author = "T. Mammoto and D. E. Ingber",
 title = "Mechanical control of tissue and organ development",
 journal = "Development",
 volume = "137",
 year = 2010
}
 @comment{ 2. T. Mammoto, A. Mammoto, D. E. Ingber, Mechanobiology and
           developmental control. Annu. Rev. Cell Dev. Biol. 29, 27–61
           (2013).  }
@article{mammoto2013mechanobiology,
 author = "T. Mammoto and A. Mammoto and D. E. Ingber",
 title = "Mechanobiology and developmental control",
 journal = "Annu. Rev. Cell Dev. Biol",
 volume = "29",
 year = 2013
}
 @comment{ 3. C.-P. Heisenberg, Y. Bellaïche, Forces in tissue morphogenesis
           and patterning. Cell. 153, 948–62 (2013).  }
@article{2013heisenberg,
 author = "C. -P.",
 title = "Heisenberg",
 journal = "Y. {Bella}ïche, {Forces} in tissue morphogenesis and patterning. {Cell}",
 volume = "153",
 year = 2013
}
 @comment{ 4. G. B. Blanchard, R. J. Adams, Measuring the multi-scale
           integration of mechanical forces during morphogenesis. Curr. Opin.
           Genet. Dev. 21, 653–663 (2011).  }
@article{blanchard2011measuring,
 author = "G. B. Blanchard and R. J. Adams",
 title = "Measuring the multi-scale integration of mechanical forces during morphogenesis",
 journal = "Curr. Opin. Genet. Dev",
 volume = "21",
 year = 2011
}
 @comment{ 5. T. Lecuit, P.-F. Lenne, Cell surface mechanics and the control
           of cell shape, tissue patterns and morphogenesis. Nat. Rev. Mol.
           Cell Biol. 8, 633–644 (2007).  }
@article{lecuit2007lenne,
 author = "T. Lecuit and P. -F.",
 title = "Lenne, {Cell} surface mechanics and the control of cell shape, tissue patterns and morphogenesis",
 journal = "Nat. Rev. Mol. Cell Biol",
 volume = "8",
 year = 2007
}
 @comment{ 6. A. G. Fletcher, M. Osterfield, R. E. Baker, S. Y. Shvartsman,
           Vertex models of epithelial morphogenesis. Biophys. J. 106,
           2291–2304 (2014).  }
@article{fletcher2014vertex,
 author = "A. G. Fletcher and M. Osterfield and R. E. Baker and S. Y. Shvartsman",
 title = "Vertex models of epithelial morphogenesis",
 journal = "Biophys. J",
 volume = "106",
 year = 2014
}
 @comment{ 7. R. Farhadifar, J.-C. Röper, B. Aigouy, S. Eaton, F. Jülicher,
           The influence of cell mechanics, cell-cell interactions, and
           proliferation on epithelial packing. Curr. Biol. 17, 2095–104
           (2007).  }
@article{farhadifar2095rper,
 author = "R. Farhadifar and J. -C.",
 title = "Röper",
 journal = "B. {Aigouy}, {S}. {Eaton}, {F}. {J}ülicher, {The} influence of cell mechanics, cell-cell interactions, and proliferation on epithelial packing. {Curr}. {Biol}",
 volume = "17",
 year = 2095
}
 @comment{ 8. R. Warga, C. B. Kimmel, Cell movements during epiboly and
           gastrulation in zebrafish. Development. 108, 569–580 (1990).  }
@article{warga1990cell,
 author = "R. Warga and C. B. Kimmel",
 title = "Cell movements during epiboly and gastrulation in zebrafish",
 journal = "Development",
 volume = "108",
 year = 1990
}
 @comment{ 9. C. B. Kimmel, W. W. Ballard, S. R. Kimmel, B. Ullmann, T. F.
           Schilling, Stages of embryonic development of the zebrafish. Dev.
           Dyn. 203, 253–310 (1995).  }
@article{kimmel1995stages,
 author = "C. B. Kimmel and W. W. Ballard and S. R. Kimmel and B. Ullmann and T. F. Schilling",
 title = "Stages of embryonic development of the zebrafish",
 journal = "Dev. Dyn",
 volume = "203",
 year = 1995
}
 @comment{ 10. D. a Kane, C. B. Kimmel, The zebrafish midblastula transition.
           Development. 119, 447–56 (1993).  }
@article{1993kane,
 author = "D.",
 title = "a Kane",
 journal = "C. {B}. {Kimmel}, {The} zebrafish midblastula transition. {Development}",
 volume = "119",
 year = 1993
}
 @comment{ 11. G. Forgacs, R. a Foty, Y. Shafrir, M. S. Steinberg,
           Viscoelastic properties of living embryonic tissues: a quantitative
           study. Biophys. J. 74, 2227–34 (1998).  }
@article{forgacs1998foty,
 author = "G. Forgacs and R.",
 title = "a Foty",
 journal = "Y. {Shafrir}, {M}. {S}. {Steinberg}, {Viscoelastic} properties of living embryonic tissues: a quantitative study. {Biophys}. {J}",
 address = "Shafrir, M. S. Steinberg, Viscoelastic properties of living embryonic tissues",
 publisher = "a quantitative study",
 volume = "74",
 year = 1998
}
 @comment{ 12. J. Zhou, H. Y. Kim, L. A. Davidson, Actomyosin stiffens the
           vertebrate embryo during crucial stages of elongation and neural
           tube closure. Development. 136, 677–688 (2009).  }
@article{zhou2009actomyosin,
 author = "J. Zhou and H. Y. Kim and L. A. Davidson",
 title = "Actomyosin stiffens the vertebrate embryo during crucial stages of elongation and neural tube closure",
 journal = "Development",
 volume = "136",
 year = 2009
}
 @comment{ 13. D. E. Koser et al., Mechanosensing is critical for axon growth
           in the developing brain. Nat. Neurosci. 19, 1592–1598 (2016).  }
@article{koser2016mechanosensing,
 author = "D. E. Koser and others",
 title = "Mechanosensing is critical for axon growth in the developing brain",
 journal = "Nat. Neurosci",
 volume = "19",
 year = 2016
}
 @comment{ 14. J.-L. Maître et al., Asymmetric division of contractile
           domains couples cell positioning and fate specification. Nature.
           536, 344–348 (2016).  }
@article{2016matre,
 author = "J. -L.",
 title = "Maître et al., {Asymmetric} division of contractile domains couples cell positioning and fate specification",
 journal = "Nature",
 volume = "536",
 year = 2016
}
 @comment{ 15. J.-L. Maître et al., Adhesion Functions in Cell Sorting by
           Mechanically Coupling the Cortices of Adhering Cells. Science. 10,
           429–36 (2012).  }
@article{2012matre,
 author = "J. -L.",
 title = "Maître et al.",
 journal = "Adhesion Functions in Cell Sorting by Mechanically Coupling the Cortices of Adhering Cells. Science",
 volume = "10",
 year = 2012
}
 @comment{ 16. J. Zhou, S. Pal, S. Maiti, L. a Davidson, Force production and
           mechanical accommodation during convergent extension. Development.
           142, 692–701 (2015).  }
@article{zhou2015davidson,
 author = "J. Zhou and S. Pal and S. Maiti and L.",
 title = "a {Davidson}, {Force} production and mechanical accommodation during convergent extension",
 journal = "Development",
 volume = "142",
 year = 2015
}
 @comment{ 17. I. Bonnet et al., Mechanical state, material properties and
           continuous description of an epithelial tissue. J. R. Soc.
           Interface. 9, 2614–23 (2012).  }
@article{bonnet2012mechanical,
 author = "I. Bonnet and others",
 title = "Mechanical state, material properties and continuous description of an epithelial tissue",
 journal = "J. R. Soc. Interface",
 volume = "9",
 year = 2012
}
 @comment{ 18. F. Serwane et al., In vivo quantification of spatially varying
           mechanical properties in developing tissues. Nat. Methods (2016),
           doi:10.1038/nmeth.4101.  }
@book{serwane2016invivo,
 author = "F. Serwane and others",
 title = "In vivo quantification of spatially varying mechanical properties in developing tissues",
 publisher = "Nat",
 address = "doi",
 publisher = "10. 1038/nmeth.4101",
 year = 2016
}
 @comment{ 19. K. Bambardekar, R. Clément, O. Blanc, C. Chardès, P.-F.
           Lenne, Direct laser manipulation reveals the mechanics of cell
           contacts in vivo. Proc. Natl. Acad. Sci. 112, 1416–1421 (2015).  }
@article{bambardekar2015lenne,
 author = "K. Bambardekar and R. Clément and O. Blanc and C. Chardès and P. -F.",
 title = "Lenne",
 journal = "Direct laser manipulation reveals the mechanics of cell contacts in vivo. {Proc}. {Natl}. {Acad}. {Sci}",
 volume = "112",
 year = 2015
}
 @comment{ 20. J. K. Fisher et al., Three-dimensional force microscope: A
           nanometric optical tracking and magnetic manipulation system for
           the biomedical sciences. Rev. Sci. Instrum. 76, 53711 (2005).  }
@article{fisher2005threedimensional,
 author = "J. K. Fisher and others",
 title = "Three-dimensional force microscope: {A} nanometric optical tracking and magnetic manipulation system for the biomedical sciences",
 journal = "Rev. Sci. Instrum. 76",
 volume = "76",
 pages = "53711",
 year = 2005
}
 @comment{ 21. G. B. Blanchard et al., Tissue tectonics: morphogenetic strain
           rates, cell shape change and intercalation. Nat. Methods. 6,
           458–64 (2009).  }
@article{blanchard2009tissue,
 author = "G. B. Blanchard and others",
 title = "Tissue tectonics: morphogenetic strain rates, cell shape change and intercalation",
 journal = "Nat. Methods",
 volume = "6",
 year = 2009
}
 @comment{ 22. S. Babb, J. Marrs, E-cadherin regulates cell movements and
           tissue formation in early zebrafish embryos. Dev. Dyn. 230,
           263–77 (2004).  }
@article{babb2004ecadherin,
 author = "S. Babb and J. Marrs",
 title = "E-cadherin regulates cell movements and tissue formation in early zebrafish embryos",
 journal = "Dev. Dyn",
 volume = "230",
 year = 2004
}
 @comment{ 23. M. Machacek et al., Coordination of Rho GTPase activities
           during cell protrusion. Nature. 461, 99–103 (2009).  }
@article{machacek2009coordination,
 author = "M. Machacek and others",
 title = "Coordination of {Rho} {GTPase} activities during cell protrusion",
 journal = "Nature",
 volume = "461",
 year = 2009
}
 @comment{ 24. E. Tahinci, K. Symes, Distinct functions of Rho and Rac are
           required for convergent extension during Xenopus gastrulation. Dev.
           Biol. 259, 318–335 (2003).  }
@article{tahinci2003distinct,
 author = "E. Tahinci and K. Symes",
 title = "Distinct functions of {Rho} and {Rac} are required for convergent extension during {Xenopus} gastrulation",
 journal = "Dev. Biol",
 volume = "259",
 year = 2003
}
 @comment{ 25. S. Witzel, V. Zimyanin, F. Carreira-Barbosa, M. Tada, C.-P.
           Heisenberg, Wnt11 controls cell contact persistence by local
           accumulation of Frizzled 7 at the plasma membrane. J. Cell Biol.
           175, 791–802 (2006).  }
@article{witzel2006heisenberg,
 author = "S. Witzel and V. Zimyanin and F. Carreira-Barbosa and M. Tada and C. -P.",
 title = "Heisenberg",
 journal = "Wnt11 controls cell contact persistence by local accumulation of {Frizzled} 7 at the plasma membrane. {J}. {Cell} {Biol}",
 volume = "175",
 year = 2006
}
 @comment{ 26. A. R. Horwitz, Non-muscle myosin II takes centre stage in cell
           adhesion and migration. Nat. Rev. Mol. Cell Biol. 10, 778–790
           (2009).  }
@article{horwitz2009nonmuscle,
 author = "A. R. Horwitz",
 title = "Non-muscle myosin {II} takes centre stage in cell adhesion and migration",
 journal = "Nat. Rev. Mol. Cell Biol",
 volume = "10",
 year = 2009
}
 @comment{ 27. M. Vicente-Manzanares, J. Zareno, L. Whitmore, C. K. Choi, A.
           F. Horwitz, Regulation of protrusion, adhesion dynamics, and
           polarity by myosins IIA and IIB in migrating cells. J. Cell Biol.
           176, 573–580 (2007).  }
@article{vicentemanzanares2007regulation,
 author = "M. Vicente-Manzanares and J. Zareno and L. Whitmore and C. K. Choi and A. F. Horwitz",
 title = "Regulation of protrusion",
 journal = "adhesion dynamics, and polarity by myosins {IIA} and {IIB} in migrating cells. {J}. {Cell} {Biol}",
 volume = "176",
 year = 2007
}
 @comment{ 28. J. C. Martens, M. Radmacher, Softening of the actin
           cytoskeleton by inhibition of myosin II. Pflugers Arch. Eur. J.
           Physiol. 456, 95–100 (2008).  }
@article{martens2008softening,
 author = "J. C. Martens and M. Radmacher",
 title = "Softening of the actin cytoskeleton by inhibition of myosin {II}",
 journal = "Pflugers Arch. Eur. J. Physiol",
 volume = "456",
 year = 2008
}
 @comment{ 29. A. R. Harris et al., Characterizing the mechanics of cultured
           cell monolayers. Proc. Natl. Acad. Sci. 109, 16449–16454 (2012).  }
@article{harris2012characterizing,
 author = "A. R. Harris and others",
 title = "Characterizing the mechanics of cultured cell monolayers",
 journal = "Proc. Natl. Acad. Sci",
 volume = "109",
 year = 2012
}
 @comment{ 30. F. Nakamura, FilGAP and its close relatives: a mediator of
           Rho–Rac antagonism that regulates cell morphology and migration.
           Biochem. J. 453, 17–25 (2013).  }
@article{nakamura2013filgap,
 author = "F. Nakamura",
 title = "FilGAP and its close relatives: a mediator of {Rho}–Rac antagonism that regulates cell morphology and migration",
 journal = "Biochem. J",
 volume = "453",
 year = 2013
}
 @comment{ 31. C. J. Chan et al., Myosin II Activity Softens Cells in
           Suspension. Biophys. J. 108, 1856–1869 (2015).  }
@article{chan1856myosin,
 author = "C. J. Chan and others",
 title = "Myosin {II} Activity Softens Cells in Suspension",
 journal = "Biophys. J",
 volume = "108",
 year = 1856
}
 @comment{ 32. J. Solon, I. Levental, K. Sengupta, P. C. Georges, P. A.
           Janmey, Fibroblast Adaptation and Stiffness Matching to Soft
           Elastic Substrates. Biophys. J. 93, 4453–4461 (2007).  }
@article{solon2007fibroblast,
 author = "J. Solon and I. Levental and K. Sengupta and P. C. Georges and P. A. Janmey",
 title = "Fibroblast Adaptation and Stiffness Matching to Soft Elastic Substrates",
 journal = "Biophys. J",
 volume = "93",
 year = 2007
}
 @comment{ 33. C. Collins, A. K. Denisin, B. L. Pruitt, W. J. Nelson, Changes
           in E-cadherin rigidity sensing regulate cell adhesion. Proc. Natl.
           Acad. Sci. 114, E5835–E5844 (2017).  }
@article{collins2017changes,
 author = "C. Collins and A. K. Denisin and B. L. Pruitt and W. J. Nelson",
 title = "Changes in {E}-cadherin rigidity sensing regulate cell adhesion",
 journal = "Proc. Natl. Acad. Sci",
 volume = "114",
 year = 2017
}
 @comment{ 34. D. Cai et al., Mechanical feedback through E-cadherin promotes
           direction sensing during collective cell migration. Cell. 157,
           1146–59 (2014).  }
@article{cai2014mechanical,
 author = "D. Cai and others",
 title = "Mechanical feedback through {E}-cadherin promotes direction sensing during collective cell migration",
 journal = "Cell",
 volume = "157",
 year = 2014
}
 @comment{ 35. J. Riedl et al., Lifeact: a versatile marker to visualize
           F-actin. Nat. Methods. 5, 605–607 (2008).  }
@article{riedl2008lifeact,
 author = "J. Riedl and others",
 title = "Lifeact: a versatile marker to visualize {F}-actin",
 journal = "Nat. Methods",
 volume = "5",
 year = 2008
}
 @comment{ 36. H. Elliott et al., Myosin II controls cellular branching
           morphogenesis and migration in three dimensions by minimizing
           cell-surface curvature. Nat. Cell Biol. 17, 137–147 (2015).  }
@article{elliott2015myosin,
 author = "H. Elliott and others",
 title = "Myosin {II} controls cellular branching morphogenesis and migration in three dimensions by minimizing cell-surface curvature",
 journal = "Nat. Cell Biol",
 volume = "17",
 year = 2015
}
 @comment{ 37. L. D. Landau, E. M. Lifshitz, Theory of Elasticity, vol. 7.
           Course Theor. Phys. 3, 109 (1986).  }
@article{landau1986theory,
 author = "L. D. Landau and E. M. Lifshitz",
 title = "Theory of Elasticity",
 volume = "7",
 number = "3",
 number = "109",
 year = 1986
}
 @comment{ 38. A. K. Chmielewski et al., Fast imaging of live organisms with
           sculpted light sheets. Sci. Rep. 5, 9385 (2015).  }
@article{chmielewski2015fast,
 author = "A. K. Chmielewski and others",
 title = "Fast imaging of live organisms with sculpted light sheets",
 journal = "Sci. Rep. 5",
 volume = "5",
 number = "9385",
 year = 2015
}
 @comment{ 39. R Core Team, R: A Language and Environment for Statistical
           Computing (2017), (available at https://www.r-project.org/).  }
@book{teamr,
 author = "R Core Team",
 title = "R: A Language and Environment for Statistical Computing (2017)",
 publisher = "(available at https://www.r-project.org/)",
 year =
}
 @comment{ 40. R. R. Wilcox, The percentage bend correlation coefficient.
           Psychometrika. 59, 601–616 (1994).  }
@article{wilcox1994percentage,
 author = "R. R. Wilcox",
 title = "The percentage bend correlation coefficient",
 journal = "Psychometrika",
 volume = "59",
 year = 1994
}
